%%%%%%%%%%% thesisBib.bib %%%%%%%%%%%%%%%%%%%
@book{ashcroft,
author={N.W. Ashcroft and N.D. Mermin},
title={Solid State Physics, HRW International Editions},
year=1976,
isbn={9780030839931}
}

@article{bhabha,
author={H. J. Bhabha},
title={Penetrating Component of Cosmic Radiation},
journal={Proc. Roy. Soc. (London)},
year=1938,
volume=164,
page={257}
}

@book{bichsel1968,
author={H. Bichsel},
title={Radiation Dosimetry},
year=1968,
volume=1,
page={157}
}

@article{bichsel1988,
author={H. Bichsel},
title={Straggling in Thin Silicon Detectors},
journal={Rev. Mod. Phys.},
year=1988,
volume=60,
page={663}
}

@article{blunck,
author={O. Blunck and S. Leisegang},
title={Zum Energieverlust Schneller Elektronen in d Unnen Schichten},
journal={Z. Physik},
year=1950,
volume=128
}

@book{Borrelli,
author={Robert L. Borrelli and Courtney S. Coleman},
title={Differential Equations: A Modeling Perspective},
year=2004,
edition={2nd},
isbn={0471433322}
}

@manual{cosy,
title={COSY Infinity Beam Physics Manual},
author={M. Berz and K. Makino},
howpublished={"\url{http://www.cosyinfinity.org}"},
year={2013},
note={Version 9.1}
}

@article{edgeworth,
author={A. Van Ginneken},
title={Edgeworth Series for Collision Energy Loss and Multiple Scattering},
journal={NIM},
year=2000,
volume=160,
issue=4,
page=460
}

@conference{Fernow,
author={R. Fernow \emph{et al.}},
title={Muon Muon Collider: A Feasibility Study},
booktitle={Snowmass96 workshop proceedings, chpt. 6},
year=1997,
}

@article{fernowAndGallardo,
author={R. Fernow and J. C. Gallardo},
title={Muon Transverse Ionization Cooling: Stochastic Approach},
journal={Phys. Rev. E},
year=1995,
volume=52,
page=1039
}

@misc{g4bl,
author = {Tom Roberts},
title= {G4Beamline},
howpublished="\url{http://www.muonsinternal.com/muons3/G4beamline}",
year={2014},
note={Version 2.15w}
}

@manual{geant3.21,
title={GEANT - Detector Description and Simulation Tool},
organization={CERN},
year=1993,
note={Version 3.21}
}

@manual{geant4,
title={GEANT4 Physics Reference Manual},
organization={CERN},
year={2011},
note={Version 9.5.0}
}

@book{griffithspp,
author={D. Griffiths},
title={Introduction to Elementary Particles},
year={2008},
edition={2nd},
isbn={9783527406012}
}

@book{griffithsqm,
author={D. Griffiths},
title={Introduction to Quantum Mechanics},
year=2005,
edition={2nd},
isbn={9788177582307}
}


@article{gs,
author={S. Goudsmit and J.L. Saunderson},
title={Multiple Scattering of Electrons},
journal={Phys. Rev.},
year=1939,
volume=57,
page=24
}

@article{hancock,
author={S. Hancock \emph{et al.}},
title={Energy Loss and Energy Straggling of Protons and Pions in the Momentum Range 0.7 to 115 GeV/\emph{c}},
journal={Phys. Rev. A},
year=1983,
volume=28,
issue=2,
page=615
}

@article{highland,
author={V. Highland},
title={Some Practical Remarks on Multiple Scattering},
journal={NIM},
year=1975,
volume=129,
page={497}
}

@misc{icool,
author = {R.C. Fernow \emph{et. al.}},
title= {ICOOL},
howpublished="\url{http://www.cap.bnl.gov/ICOOL/fernow/readme.html}",
year={2012},
note={Version 3.30}
}

@book{jose,
author={J. V. Jos\'{e} and E. J. Saletan},
title={Classical Dynamics: A Contemporary Approach},
year=1998,
isbn={9780521636360}
}

@conference{kellerer,
author={A. M. Kellerer},
title={Calculation of Energy Deposition Spectra},
booktitle={Proceedings of the Symposium on Microdosimetry},
year=1967,
}

@article{landau
author={L. Landau},
title={On the Energy Loss of Fast Particles by Ionisation},
journal={J. Phys. U.S.S.R.},
year=1944,
volume=8,
page=201
}

@article{lewis,
author={H.W. Lewis},
title={Multiple Scattering in an Infinite Medium},
journal={Phys. Rev.},
year=1950,
volume=78,
page=526
}

@article{lichtenberg,
author={D.B. Lichtenberg, P. Stehle, and K. R. Symon},
title={Symon. Modifications of Liouvile's Theorem Required by the Presence of Dissipative Forces},
journal={MURA},
year=1956,
volume=126
}

@article{liljequist1989,
author={D. Liljequist, F. Salvat, and J.D. Martinez},
title={Simple Method for the Simulation of Multiple Elastic Scattering of Electrons},
journal={J. Appl. Phys.},
year=1989,
volume=56,
page=2431
}

@article{livingston,
author={M. S. Livingston and H. A. Bethe},
title={Chapter XVI: Auxiliary Data for the Evaluation of Experiments},
journal={Reviews of Modern Physics},
year=1937,
volume=9,
issue=3,
page=261,
note={Section C: Nuclear Dynamics, Experimental}
}

@conference{mice,
author={U. Bravar \emph{et at.}},
title={MICE: The Muon Ionization Cooling Experiment},
booktitle={Proceedings of the DPF-2011 Conference},
year=2011
}

@article{muscat,
author={D. Attwood \emph{et al.}},
title={The Scattering of Muons in Low Z Materials},
journal={NIM},
year=2006,
volume=251,
issue=1,
page=41
}


@article{oneill,
author={G. K. O'Neill},
title={Storage-Ring Synchrotron: Device for High-Energy Physics Research},
journal={Phys. Rev.},
year=1956,
volume=102,
page={1418}
}

@misc{PDG,
author={J. Beringer \emph{et al.}},
howpublished={(PDG) PR D86, 010001 chpt. 31},
year=2013
}

@misc{PDGTables,
author={Particle Data Group Atomic Nuclear Properties},
howpublished={\url{http://pdg.lbl.gov/2014/AtomicNuclearProperties/}},
year=2014
}

@misc{quantumdiaries,
author={Pauline Gagnon},
title={The Standard Model: A Beautiful but Flawed Theory},
howpublished="\url{http://www.quantumdiaries.org}",
year=2014
}

@book{nielsen,
author={J. Nielsen and D. McMorrow},
title={Elements of Modern X-ray Physics},
year=2011,
edition={2nd},
isbn={9780470973943}
}

@unpublished{unpublishedring,
author={A.C. Melissinos},
title={An unpublished note},
note={Available online at "\url{http://www.hep.princeton.edu/mumu/physics/}"},
year=1960
}

@article{uehling,
author={E. A. Uehling}, 
title={Penetration of Heavy Charged Particles in Matter},
journal={Annu. Rev. Nucl. Sci.},
year=1954,
volume=4,
page={315}
}

@article{vavilov,
author={P. V. Vavilov},
title={Ionization Losses of High Energy Heavy Particles},
journal={Soviet Physics JETP},
year=1957,
volume=5,
issue=4,
page=749
}

@article{YuM,
author={Yu.M. Ado and V.I. Balbekov}, 
title={Use of Ionization Friction in the Storage of Heavy Particles},
journal={Sov. Atomic Energy},
year=1971,
volume=31,
page={731}
}

