%%% Bibliography %%%

% I like to organize alphabetically, but the bibliography will sort by which citation appears first. If a citation never appears, it doesn't make it to the bibliography.

@article{bethebloch,
author={H. A. Bethe},
title={Scattering of Electrons},
journal={Z. f{\"u}r Physik},
year=1932,
volume=76,
page=293
}

@article{jkunz,
author={J. Kunz and M. Sangroula and D. Vader},
title={Example Thesis},
journal={Z. f{\"u}r Physik},
year=1932,
volume=76,
page=293
}